@article {MR4835393,
    AUTHOR = {Fujii, Soichiro and Hoshino, Keisuke and Maehara, Yuki},
     TITLE = {Weakly invertible cells in a weak {$\omega$}-category},
   JOURNAL = {High. Struct.},
  FJOURNAL = {Higher Structures},
    VOLUME = {8},
      YEAR = {2024},
    NUMBER = {2},
     PAGES = {386--415},
      ISSN = {2209-0606},
   MRCLASS = {18N65 (18N20)},
  MRNUMBER = {4835393},
  keywords = {published},
}
@article {MR4875706,
    AUTHOR = {Hoshino, Keisuke and Nasu, Hayato},
     TITLE = {Double categories of relations relative to factorisation
              systems},
   JOURNAL = {Appl. Categ. Structures},
  FJOURNAL = {Applied Categorical Structures. A Journal Devoted to
              Applications of Categorical Methods in Algebra, Analysis,
              Computer Science, Logic, Order and Topology},
    VOLUME = {33},
      YEAR = {2025},
    NUMBER = {2},
     PAGES = {Paper No. 11, 70},
      ISSN = {0927-2852,1572-9095},
   MRCLASS = {18B10 (18A32 18E08 18N10)},
  MRNUMBER = {4875706},
       DOI = {10.1007/s10485-025-09799-y},
       URL = {https://doi.org/10.1007/s10485-025-09799-y},
  keywords = {published},
}
@misc{fujii2024omegaweakequivalencesweakomegacategories,
      title={$\omega$-weak equivalences between weak $\omega$-categories}, 
      author={Soichiro Fujii and Keisuke Hoshino and Yuki Maehara},
      year={2024},
      eprint={2406.13240},
      archivePrefix={arXiv},
      primaryClass={math.CT},
      url={https://arxiv.org/abs/2406.13240}, 
      keywords = {preprint},
}
@misc{cscat2022,
  title = {PCAs as algebras over operads},
  author = {Keisuke Hoshino},
  year = {2022},
  month = {March},
  note = {Computer Science and Category Theory (CSCAT2022), Online},
  keywords = {nr-talk},
}
@misc{cscat2023,
  title = {Towards Structres of Higher Dimensional Cagegorical Structures},
  author = {Keisuke Hoshino},
  year = {2023},
  month = {March},
  note = {Computer Science and Category Theory (CSCAT2023), Kyoto, Japan},
  keywords = {nr-talk},
}
@misc{cscat2025,
  title = {Bivirtual double categories and localisation of composing cells},
  author = {Keisuke Hoshino},
  year = {2025},
  month = {March},
  note = {Computer Science and Category Theory (CSCAT2025), Kumamoto, Japan},
  keywords = {nr-talk},
}
@misc{vdbl,
  title = {Double categories of relations relative to factorisation systems},
  author = {Keisuke Hoshino and Hayato Nasu},
  year = {2024},
  month = {October},
  note = {Second Virtual Workshop on Double Categories, Online},
  keywords = {iv-talk},
}
@misc{austms,
  title = {Double categories of relations relative to factorisation systems},
  author = {Keisuke Hoshino and Hayato Nasu},
  year = {2023},
  month = {December},
  note = {67th Annual Meeting of the Australian Mathematical Society (AustMS 2023), Brisbane, Australia},
  keywords = {nr-talk},
}
